@misc{assignment-text,
    title = {{TFE Modelling and Analysis of Digital Systems Term Assignemnt paper}},
}
@misc{hamming-codes,
    title = {{hamming\_enc\_11.vhd}},
}
